<record><leader>00000cas a22000007a 4500</leader><controlfield tag="001">11745312</controlfield><controlfield tag="008">850228d18741884pauwr ne      0    0eng d</controlfield><datafield ind1=" " ind2=" " tag="010"><subfield code="a">sn 85025187 </subfield></datafield><datafield ind1=" " ind2=" " tag="040"><subfield code="a">NPX</subfield><subfield code="b">eng</subfield><subfield code="c">NPX</subfield><subfield code="d">OCLCQ</subfield></datafield><datafield ind1=" " ind2=" " tag="042"><subfield code="a">msc</subfield></datafield><datafield ind1="0" ind2=" " tag="130"><subfield code="a">Free press (Brockway, Pa.)</subfield></datafield><datafield ind1="1" ind2="0" tag="245"><subfield code="a">Free press.</subfield></datafield><datafield ind1="3" ind2="0" tag="246"><subfield code="a">Brockwayville free press</subfield></datafield><datafield ind1=" " ind2=" " tag="260"><subfield code="a">Brockwayville, Pa. :</subfield><subfield code="b">R.O. Moorhead</subfield></datafield><datafield ind1=" " ind2=" " tag="300"><subfield code="a">v.</subfield></datafield><datafield ind1=" " ind2=" " tag="310"><subfield code="a">Weekly</subfield></datafield><datafield ind1="1" ind2=" " tag="362"><subfield code="a">Began in 1874; ceased in 1884.</subfield><subfield code="z">Cf. Salisbury, R. Pa. newspapers.</subfield></datafield><datafield ind1=" " ind2=" " tag="588"><subfield code="a">Description based on: Vol. 6, no. 11 (Mar. 16, 1876).</subfield></datafield><datafield ind1=" " ind2=" " tag="752"><subfield code="a">United States</subfield><subfield code="b">Pennsylvania</subfield><subfield code="c">Jefferson</subfield><subfield code="d">Brockway.</subfield></datafield><datafield ind1="0" ind2="0" tag="780"><subfield code="t">Brockwayville register</subfield><subfield code="w">(DLC)sn 83032050</subfield></datafield><datafield ind1="0" ind2="0" tag="785"><subfield code="t">Record (Brockway, Pa.)</subfield></datafield></record>